[gd_scene load_steps=38 format=3 uid="uid://cmmlppnywgk1d"]

[ext_resource type="Script" path="res://Scénarios/Scénario_bureau/Actor_office/Case 2/Sophie/sophie.gd" id="1_4bley"]
[ext_resource type="Texture2D" uid="uid://du43o1kij3c6u" path="res://Scénarios/Scénario_bureau/Actor_office/Case 2/Sophie/Sophie.png" id="2_ltd4n"]
[ext_resource type="Script" path="res://Scénarios/Scénario_bureau/Actor_office/Case 2/Sophie/sophie_area.gd" id="3_xbmgf"]
[ext_resource type="PackedScene" uid="uid://bnp13w1xfbo2u" path="res://PnjUI/pnjui.tscn" id="4_i732k"]
[ext_resource type="Resource" uid="uid://c1qnl0mkcs6mo" path="res://Scénarios/Scénario_bureau/Actor_office/Case 2/Sophie/sophie.dialogue" id="4_s2apv"]

[sub_resource type="AtlasTexture" id="AtlasTexture_72bvg"]
atlas = ExtResource("2_ltd4n")
region = Rect2(96, 32, 16, 32)

[sub_resource type="AtlasTexture" id="AtlasTexture_uookg"]
atlas = ExtResource("2_ltd4n")
region = Rect2(112, 32, 16, 32)

[sub_resource type="AtlasTexture" id="AtlasTexture_at11u"]
atlas = ExtResource("2_ltd4n")
region = Rect2(128, 32, 16, 32)

[sub_resource type="AtlasTexture" id="AtlasTexture_0ce2s"]
atlas = ExtResource("2_ltd4n")
region = Rect2(144, 32, 16, 32)

[sub_resource type="AtlasTexture" id="AtlasTexture_eq7ps"]
atlas = ExtResource("2_ltd4n")
region = Rect2(160, 32, 16, 32)

[sub_resource type="AtlasTexture" id="AtlasTexture_g40el"]
atlas = ExtResource("2_ltd4n")
region = Rect2(176, 32, 16, 32)

[sub_resource type="AtlasTexture" id="AtlasTexture_rixay"]
atlas = ExtResource("2_ltd4n")
region = Rect2(288, 32, 16, 32)

[sub_resource type="AtlasTexture" id="AtlasTexture_dghmw"]
atlas = ExtResource("2_ltd4n")
region = Rect2(304, 32, 16, 32)

[sub_resource type="AtlasTexture" id="AtlasTexture_y3v7w"]
atlas = ExtResource("2_ltd4n")
region = Rect2(320, 32, 16, 32)

[sub_resource type="AtlasTexture" id="AtlasTexture_37mcn"]
atlas = ExtResource("2_ltd4n")
region = Rect2(336, 32, 16, 32)

[sub_resource type="AtlasTexture" id="AtlasTexture_thcc1"]
atlas = ExtResource("2_ltd4n")
region = Rect2(352, 32, 16, 32)

[sub_resource type="AtlasTexture" id="AtlasTexture_1t0n4"]
atlas = ExtResource("2_ltd4n")
region = Rect2(368, 32, 16, 32)

[sub_resource type="AtlasTexture" id="AtlasTexture_v4bvf"]
atlas = ExtResource("2_ltd4n")
region = Rect2(192, 32, 16, 32)

[sub_resource type="AtlasTexture" id="AtlasTexture_k38ol"]
atlas = ExtResource("2_ltd4n")
region = Rect2(208, 32, 16, 32)

[sub_resource type="AtlasTexture" id="AtlasTexture_jnqis"]
atlas = ExtResource("2_ltd4n")
region = Rect2(224, 32, 16, 32)

[sub_resource type="AtlasTexture" id="AtlasTexture_pe4j3"]
atlas = ExtResource("2_ltd4n")
region = Rect2(240, 32, 16, 32)

[sub_resource type="AtlasTexture" id="AtlasTexture_57bdm"]
atlas = ExtResource("2_ltd4n")
region = Rect2(256, 32, 16, 32)

[sub_resource type="AtlasTexture" id="AtlasTexture_uu6ds"]
atlas = ExtResource("2_ltd4n")
region = Rect2(272, 32, 16, 32)

[sub_resource type="AtlasTexture" id="AtlasTexture_y1qrx"]
atlas = ExtResource("2_ltd4n")
region = Rect2(64, 608, 16, 32)

[sub_resource type="AtlasTexture" id="AtlasTexture_2t6ks"]
atlas = ExtResource("2_ltd4n")
region = Rect2(160, 608, 16, 32)

[sub_resource type="AtlasTexture" id="AtlasTexture_xad46"]
atlas = ExtResource("2_ltd4n")
region = Rect2(112, 608, 16, 32)

[sub_resource type="AtlasTexture" id="AtlasTexture_8u5k3"]
atlas = ExtResource("2_ltd4n")
region = Rect2(16, 608, 16, 32)

[sub_resource type="AtlasTexture" id="AtlasTexture_eilxj"]
atlas = ExtResource("2_ltd4n")
region = Rect2(0, 32, 16, 32)

[sub_resource type="AtlasTexture" id="AtlasTexture_bb7pb"]
atlas = ExtResource("2_ltd4n")
region = Rect2(16, 32, 16, 32)

[sub_resource type="AtlasTexture" id="AtlasTexture_dxfiv"]
atlas = ExtResource("2_ltd4n")
region = Rect2(32, 32, 16, 32)

[sub_resource type="AtlasTexture" id="AtlasTexture_bvek7"]
atlas = ExtResource("2_ltd4n")
region = Rect2(48, 32, 16, 32)

[sub_resource type="AtlasTexture" id="AtlasTexture_fpxs2"]
atlas = ExtResource("2_ltd4n")
region = Rect2(64, 32, 16, 32)

[sub_resource type="AtlasTexture" id="AtlasTexture_nwkby"]
atlas = ExtResource("2_ltd4n")
region = Rect2(80, 32, 16, 32)

[sub_resource type="SpriteFrames" id="SpriteFrames_2qni0"]
animations = [{
"frames": [{
"duration": 1.0,
"texture": SubResource("AtlasTexture_72bvg")
}, {
"duration": 1.0,
"texture": SubResource("AtlasTexture_uookg")
}, {
"duration": 1.0,
"texture": SubResource("AtlasTexture_at11u")
}, {
"duration": 1.0,
"texture": SubResource("AtlasTexture_0ce2s")
}, {
"duration": 1.0,
"texture": SubResource("AtlasTexture_eq7ps")
}, {
"duration": 1.0,
"texture": SubResource("AtlasTexture_g40el")
}],
"loop": true,
"name": &"back",
"speed": 5.0
}, {
"frames": [{
"duration": 1.0,
"texture": SubResource("AtlasTexture_rixay")
}, {
"duration": 1.0,
"texture": SubResource("AtlasTexture_dghmw")
}, {
"duration": 1.0,
"texture": SubResource("AtlasTexture_y3v7w")
}, {
"duration": 1.0,
"texture": SubResource("AtlasTexture_37mcn")
}, {
"duration": 1.0,
"texture": SubResource("AtlasTexture_thcc1")
}, {
"duration": 1.0,
"texture": SubResource("AtlasTexture_1t0n4")
}],
"loop": true,
"name": &"front",
"speed": 5.0
}, {
"frames": [{
"duration": 1.0,
"texture": SubResource("AtlasTexture_v4bvf")
}, {
"duration": 1.0,
"texture": SubResource("AtlasTexture_k38ol")
}, {
"duration": 1.0,
"texture": SubResource("AtlasTexture_jnqis")
}, {
"duration": 1.0,
"texture": SubResource("AtlasTexture_pe4j3")
}, {
"duration": 1.0,
"texture": SubResource("AtlasTexture_57bdm")
}, {
"duration": 1.0,
"texture": SubResource("AtlasTexture_uu6ds")
}],
"loop": true,
"name": &"left",
"speed": 5.0
}, {
"frames": [{
"duration": 1.0,
"texture": SubResource("AtlasTexture_y1qrx")
}],
"loop": true,
"name": &"red_back",
"speed": 5.0
}, {
"frames": [{
"duration": 1.0,
"texture": SubResource("AtlasTexture_2t6ks")
}],
"loop": true,
"name": &"red_front",
"speed": 5.0
}, {
"frames": [{
"duration": 1.0,
"texture": SubResource("AtlasTexture_xad46")
}],
"loop": true,
"name": &"red_left",
"speed": 5.0
}, {
"frames": [{
"duration": 1.0,
"texture": SubResource("AtlasTexture_8u5k3")
}],
"loop": true,
"name": &"red_right",
"speed": 5.0
}, {
"frames": [{
"duration": 1.0,
"texture": SubResource("AtlasTexture_eilxj")
}, {
"duration": 1.0,
"texture": SubResource("AtlasTexture_bb7pb")
}, {
"duration": 1.0,
"texture": SubResource("AtlasTexture_dxfiv")
}, {
"duration": 1.0,
"texture": SubResource("AtlasTexture_bvek7")
}, {
"duration": 1.0,
"texture": SubResource("AtlasTexture_fpxs2")
}, {
"duration": 1.0,
"texture": SubResource("AtlasTexture_nwkby")
}],
"loop": true,
"name": &"right",
"speed": 5.0
}]

[sub_resource type="CapsuleShape2D" id="CapsuleShape2D_m0w82"]
radius = 5.0
height = 16.0

[sub_resource type="CircleShape2D" id="CircleShape2D_m65uj"]

[sub_resource type="CircleShape2D" id="CircleShape2D_rblxa"]
radius = 87.0057

[node name="Sophie" type="CharacterBody2D"]
y_sort_enabled = true
script = ExtResource("1_4bley")

[node name="AnimatedSprite2D" type="AnimatedSprite2D" parent="."]
sprite_frames = SubResource("SpriteFrames_2qni0")
animation = &"front"

[node name="CollisionShape2D" type="CollisionShape2D" parent="."]
visible = false
position = Vector2(0, 7)
shape = SubResource("CapsuleShape2D_m0w82")

[node name="Area2D" type="Area2D" parent="."]
visible = false
collision_layer = 17
script = ExtResource("3_xbmgf")
dialogue_ressource = ExtResource("4_s2apv")

[node name="CollisionShape2D" type="CollisionShape2D" parent="Area2D"]
position = Vector2(0, 6)
shape = SubResource("CircleShape2D_m65uj")

[node name="Fight" type="Area2D" parent="."]
collision_layer = 2
collision_mask = 2

[node name="CollisionShape2D" type="CollisionShape2D" parent="Fight"]
position = Vector2(0, 9)
shape = SubResource("CircleShape2D_rblxa")

[node name="pnjui" parent="." instance=ExtResource("4_i732k")]
visible = false

[connection signal="body_entered" from="Fight" to="." method="_on_fight_body_entered"]
[connection signal="body_exited" from="Fight" to="." method="_on_fight_body_exited"]
