[gd_scene load_steps=38 format=3 uid="uid://blhvtvfvm8668"]

[ext_resource type="Script" path="res://Scénarios/Scénario_stade/Actor/Case 1/Moussa/Moussa.gd" id="2_yg4lc"]
[ext_resource type="Script" path="res://Scénarios/Scénario_stade/Actor/Case 1/Moussa/moussa_area.gd" id="3_5b528"]
[ext_resource type="Texture2D" uid="uid://dsih7ojnygmfl" path="res://Scénarios/Scénario_stade/NPC/Joueurs/Joueu3.png" id="3_h3s25"]
[ext_resource type="Resource" uid="uid://cdyp76e4qycj" path="res://Scénarios/Scénario_stade/Actor/Case 1/Moussa/moussa.dialogue" id="4_n4t0b"]
[ext_resource type="PackedScene" uid="uid://bnp13w1xfbo2u" path="res://PnjUI/pnjui.tscn" id="5_q5hsd"]

[sub_resource type="AtlasTexture" id="AtlasTexture_j775m"]
atlas = ExtResource("3_h3s25")
region = Rect2(96, 32, 16, 32)

[sub_resource type="AtlasTexture" id="AtlasTexture_koxbd"]
atlas = ExtResource("3_h3s25")
region = Rect2(112, 32, 16, 32)

[sub_resource type="AtlasTexture" id="AtlasTexture_giop8"]
atlas = ExtResource("3_h3s25")
region = Rect2(128, 32, 16, 32)

[sub_resource type="AtlasTexture" id="AtlasTexture_llhjx"]
atlas = ExtResource("3_h3s25")
region = Rect2(144, 32, 16, 32)

[sub_resource type="AtlasTexture" id="AtlasTexture_vkiiv"]
atlas = ExtResource("3_h3s25")
region = Rect2(160, 32, 16, 32)

[sub_resource type="AtlasTexture" id="AtlasTexture_ghkj7"]
atlas = ExtResource("3_h3s25")
region = Rect2(176, 32, 16, 32)

[sub_resource type="AtlasTexture" id="AtlasTexture_t3wu5"]
atlas = ExtResource("3_h3s25")
region = Rect2(288, 32, 16, 32)

[sub_resource type="AtlasTexture" id="AtlasTexture_gax60"]
atlas = ExtResource("3_h3s25")
region = Rect2(304, 32, 16, 32)

[sub_resource type="AtlasTexture" id="AtlasTexture_llavc"]
atlas = ExtResource("3_h3s25")
region = Rect2(320, 32, 16, 32)

[sub_resource type="AtlasTexture" id="AtlasTexture_n06rd"]
atlas = ExtResource("3_h3s25")
region = Rect2(336, 32, 16, 32)

[sub_resource type="AtlasTexture" id="AtlasTexture_2awtn"]
atlas = ExtResource("3_h3s25")
region = Rect2(352, 32, 16, 32)

[sub_resource type="AtlasTexture" id="AtlasTexture_ncnoy"]
atlas = ExtResource("3_h3s25")
region = Rect2(368, 32, 16, 32)

[sub_resource type="AtlasTexture" id="AtlasTexture_icufo"]
atlas = ExtResource("3_h3s25")
region = Rect2(192, 32, 16, 32)

[sub_resource type="AtlasTexture" id="AtlasTexture_tovfc"]
atlas = ExtResource("3_h3s25")
region = Rect2(208, 32, 16, 32)

[sub_resource type="AtlasTexture" id="AtlasTexture_r8txs"]
atlas = ExtResource("3_h3s25")
region = Rect2(224, 32, 16, 32)

[sub_resource type="AtlasTexture" id="AtlasTexture_e4ftp"]
atlas = ExtResource("3_h3s25")
region = Rect2(240, 32, 16, 32)

[sub_resource type="AtlasTexture" id="AtlasTexture_4s36w"]
atlas = ExtResource("3_h3s25")
region = Rect2(256, 32, 16, 32)

[sub_resource type="AtlasTexture" id="AtlasTexture_bhap8"]
atlas = ExtResource("3_h3s25")
region = Rect2(272, 32, 16, 32)

[sub_resource type="AtlasTexture" id="AtlasTexture_w6hnp"]
atlas = ExtResource("3_h3s25")
region = Rect2(64, 608, 16, 32)

[sub_resource type="AtlasTexture" id="AtlasTexture_c2bvb"]
atlas = ExtResource("3_h3s25")
region = Rect2(160, 608, 16, 32)

[sub_resource type="AtlasTexture" id="AtlasTexture_0brtq"]
atlas = ExtResource("3_h3s25")
region = Rect2(112, 608, 16, 32)

[sub_resource type="AtlasTexture" id="AtlasTexture_8ccys"]
atlas = ExtResource("3_h3s25")
region = Rect2(16, 608, 16, 32)

[sub_resource type="AtlasTexture" id="AtlasTexture_hi5m7"]
atlas = ExtResource("3_h3s25")
region = Rect2(0, 32, 16, 32)

[sub_resource type="AtlasTexture" id="AtlasTexture_q6wfv"]
atlas = ExtResource("3_h3s25")
region = Rect2(16, 32, 16, 32)

[sub_resource type="AtlasTexture" id="AtlasTexture_o08xm"]
atlas = ExtResource("3_h3s25")
region = Rect2(32, 32, 16, 32)

[sub_resource type="AtlasTexture" id="AtlasTexture_p5agf"]
atlas = ExtResource("3_h3s25")
region = Rect2(48, 32, 16, 32)

[sub_resource type="AtlasTexture" id="AtlasTexture_rk86m"]
atlas = ExtResource("3_h3s25")
region = Rect2(64, 32, 16, 32)

[sub_resource type="AtlasTexture" id="AtlasTexture_tlilb"]
atlas = ExtResource("3_h3s25")
region = Rect2(80, 32, 16, 32)

[sub_resource type="SpriteFrames" id="SpriteFrames_2qni0"]
animations = [{
"frames": [{
"duration": 1.0,
"texture": SubResource("AtlasTexture_j775m")
}, {
"duration": 1.0,
"texture": SubResource("AtlasTexture_koxbd")
}, {
"duration": 1.0,
"texture": SubResource("AtlasTexture_giop8")
}, {
"duration": 1.0,
"texture": SubResource("AtlasTexture_llhjx")
}, {
"duration": 1.0,
"texture": SubResource("AtlasTexture_vkiiv")
}, {
"duration": 1.0,
"texture": SubResource("AtlasTexture_ghkj7")
}],
"loop": true,
"name": &"back",
"speed": 5.0
}, {
"frames": [{
"duration": 1.0,
"texture": SubResource("AtlasTexture_t3wu5")
}, {
"duration": 1.0,
"texture": SubResource("AtlasTexture_gax60")
}, {
"duration": 1.0,
"texture": SubResource("AtlasTexture_llavc")
}, {
"duration": 1.0,
"texture": SubResource("AtlasTexture_n06rd")
}, {
"duration": 1.0,
"texture": SubResource("AtlasTexture_2awtn")
}, {
"duration": 1.0,
"texture": SubResource("AtlasTexture_ncnoy")
}],
"loop": true,
"name": &"front",
"speed": 5.0
}, {
"frames": [{
"duration": 1.0,
"texture": SubResource("AtlasTexture_icufo")
}, {
"duration": 1.0,
"texture": SubResource("AtlasTexture_tovfc")
}, {
"duration": 1.0,
"texture": SubResource("AtlasTexture_r8txs")
}, {
"duration": 1.0,
"texture": SubResource("AtlasTexture_e4ftp")
}, {
"duration": 1.0,
"texture": SubResource("AtlasTexture_4s36w")
}, {
"duration": 1.0,
"texture": SubResource("AtlasTexture_bhap8")
}],
"loop": true,
"name": &"left",
"speed": 5.0
}, {
"frames": [{
"duration": 1.0,
"texture": SubResource("AtlasTexture_w6hnp")
}],
"loop": true,
"name": &"red_back",
"speed": 5.0
}, {
"frames": [{
"duration": 1.0,
"texture": SubResource("AtlasTexture_c2bvb")
}],
"loop": true,
"name": &"red_front",
"speed": 5.0
}, {
"frames": [{
"duration": 1.0,
"texture": SubResource("AtlasTexture_0brtq")
}],
"loop": true,
"name": &"red_left",
"speed": 5.0
}, {
"frames": [{
"duration": 1.0,
"texture": SubResource("AtlasTexture_8ccys")
}],
"loop": true,
"name": &"red_right",
"speed": 5.0
}, {
"frames": [{
"duration": 1.0,
"texture": SubResource("AtlasTexture_hi5m7")
}, {
"duration": 1.0,
"texture": SubResource("AtlasTexture_q6wfv")
}, {
"duration": 1.0,
"texture": SubResource("AtlasTexture_o08xm")
}, {
"duration": 1.0,
"texture": SubResource("AtlasTexture_p5agf")
}, {
"duration": 1.0,
"texture": SubResource("AtlasTexture_rk86m")
}, {
"duration": 1.0,
"texture": SubResource("AtlasTexture_tlilb")
}],
"loop": true,
"name": &"right",
"speed": 5.0
}]

[sub_resource type="CapsuleShape2D" id="CapsuleShape2D_m0w82"]
radius = 5.0
height = 16.0

[sub_resource type="CircleShape2D" id="CircleShape2D_m65uj"]

[sub_resource type="CircleShape2D" id="CircleShape2D_dxp3c"]
radius = 105.005

[node name="Moussa" type="CharacterBody2D"]
y_sort_enabled = true
script = ExtResource("2_yg4lc")

[node name="AnimatedSprite2D" type="AnimatedSprite2D" parent="."]
sprite_frames = SubResource("SpriteFrames_2qni0")
animation = &"red_back"

[node name="CollisionShape2D" type="CollisionShape2D" parent="."]
position = Vector2(0, 7)
shape = SubResource("CapsuleShape2D_m0w82")

[node name="Actionable" type="Area2D" parent="."]
collision_layer = 17
script = ExtResource("3_5b528")
dialogue_ressource = ExtResource("4_n4t0b")

[node name="CollisionShape2D" type="CollisionShape2D" parent="Actionable"]
position = Vector2(0, 6)
shape = SubResource("CircleShape2D_m65uj")

[node name="Fight" type="Area2D" parent="."]
collision_layer = 2
collision_mask = 2

[node name="CollisionShape2D" type="CollisionShape2D" parent="Fight"]
position = Vector2(0, 9)
shape = SubResource("CircleShape2D_dxp3c")

[node name="pnjui" parent="." instance=ExtResource("5_q5hsd")]
visible = false

[connection signal="body_entered" from="Fight" to="." method="_on_fight_body_entered"]
[connection signal="body_exited" from="Fight" to="." method="_on_fight_body_exited"]
